<?xml version="1.0" encoding="UTF-8"?>
<record xmlns="http://www.loc.gov/MARC21/slim" xmlns:xsi="http://www.w3.org/2001/XMLSchema-instance" xsi:schemaLocation="http://www.loc.gov/MARC21/slim http://www.loc.gov/standards/marcxml/schema/MARC21slim.xsd">
<leader>00000cam a22      a 4500</leader>
<controlfield tag="001">001236918</controlfield>
<controlfield tag="003">NNU</controlfield>
<controlfield tag="005">20150728170629.0</controlfield>
<controlfield tag="008">970604s1965    iq gh    b    000 0 arard</controlfield>
<datafield tag="035" ind1=" " ind2=" ">
<subfield code="a">(OCoLC)37961794</subfield>
</datafield>
<datafield tag="040" ind1=" " ind2=" ">
<subfield code="a">RBN</subfield>
<subfield code="b">eng</subfield>
<subfield code="c">RBN</subfield>
<subfield code="d">OCLCQ</subfield>
<subfield code="d">OCLCG</subfield>
<subfield code="d">OCLCA</subfield>
<subfield code="d">OCLCQ</subfield>
<subfield code="d">OCLCO</subfield>
<subfield code="d">OCLCA</subfield>
<subfield code="d">OCLCF</subfield>
<subfield code="d">OCLCQ</subfield>
<subfield code="d">NNU</subfield>
</datafield>
<datafield tag="043" ind1=" " ind2=" ">
<subfield code="a">a-iq---</subfield>
</datafield>
<datafield tag="050" ind1=" " ind2="4">
<subfield code="a">M142.O9</subfield>
<subfield code="b">K56 1965</subfield>
</datafield>
<datafield tag="100" ind1="0" ind2=" ">
<subfield code="6">880-01</subfield>
<subfield code="a">Kindī,</subfield>
<subfield code="d">-approximately 873.</subfield>
</datafield>
<datafield tag="245" ind1="1" ind2="0">
<subfield code="6">880-02</subfield>
<subfield code="a">Risālat al-Kindī fī al-luḥūn wa-al-nagham :</subfield>
<subfield code="b">mulḥaq thānin li-kitāb Muʼallafāt al-Kindī al-mūsīqīyah /</subfield>
<subfield code="c">taḥqīq Zakarīyā Yūsuf.</subfield>
</datafield>
<datafield tag="246" ind1="1" ind2="4">
<subfield code="a">Al-Kindi's treatise on melodies</subfield>
</datafield>
<datafield tag="246" ind1="3" ind2="0">
<subfield code="a">Kindi's treatise on melodies</subfield>
</datafield>
<datafield tag="260" ind1=" " ind2=" ">
<subfield code="6">880-03</subfield>
<subfield code="a">Baghdād :</subfield>
<subfield code="b">Maṭbaʻat Shafīq,</subfield>
<subfield code="c">1965.</subfield>
</datafield>
<datafield tag="300" ind1=" " ind2=" ">
<subfield code="a">31 pages :</subfield>
<subfield code="b">music, facsimiles ;</subfield>
<subfield code="c">26 cm</subfield>
</datafield>
<datafield tag="336" ind1=" " ind2=" ">
<subfield code="a">text</subfield>
<subfield code="b">txt</subfield>
<subfield code="2">rdacontent</subfield>
</datafield>
<datafield tag="337" ind1=" " ind2=" ">
<subfield code="a">unmediated</subfield>
<subfield code="b">n</subfield>
<subfield code="2">rdamedia</subfield>
</datafield>
<datafield tag="338" ind1=" " ind2=" ">
<subfield code="a">volume</subfield>
<subfield code="b">nc</subfield>
<subfield code="2">rdacarrier</subfield>
</datafield>
<datafield tag="500" ind1=" " ind2=" ">
<subfield code="a">"Nushirat hādhihi al-risālah bi-idhn ḥukūmat al-Jumhūrīyah al-Turkīyah."</subfield>
</datafield>
<datafield tag="500" ind1=" " ind2=" ">
<subfield code="a">"Allafahā li-Aḥmad ibn al-Muʻtaṣim"--Page 9.</subfield>
</datafield>
<datafield tag="504" ind1=" " ind2=" ">
<subfield code="a">Includes bibliographical references.</subfield>
</datafield>
<datafield tag="650" ind1=" " ind2="0">
<subfield code="a">Oud music.</subfield>
</datafield>
<datafield tag="650" ind1=" " ind2="0">
<subfield code="a">Oud</subfield>
<subfield code="z">Iraq.</subfield>
</datafield>
<datafield tag="650" ind1=" " ind2="7">
<subfield code="a">Oud.</subfield>
<subfield code="2">fast</subfield>
<subfield code="0">(OCoLC)fst01049061</subfield>
</datafield>
<datafield tag="650" ind1=" " ind2="7">
<subfield code="a">Oud music.</subfield>
<subfield code="2">fast</subfield>
<subfield code="0">(OCoLC)fst01049062</subfield>
</datafield>
<datafield tag="651" ind1=" " ind2="7">
<subfield code="a">Iraq.</subfield>
<subfield code="2">fast</subfield>
<subfield code="0">(OCoLC)fst01205757</subfield>
</datafield>
<datafield tag="700" ind1="1" ind2=" ">
<subfield code="6">880-04</subfield>
<subfield code="a">Yūsuf, Zakarīyā.</subfield>
</datafield>
<datafield tag="700" ind1="0" ind2=" ">
<subfield code="6">880-05</subfield>
<subfield code="a">Kindī,</subfield>
<subfield code="d">-approximately 873.</subfield>
<subfield code="t">Muʼallafāt al-Kindī al-mūsīqīyah.</subfield>
</datafield>
<datafield tag="880" ind1="0" ind2=" ">
<subfield code="6">100-01/</subfield>
<subfield code="a">كندي،</subfield>
<subfield code="d">-approximately 873.</subfield>
</datafield>
<datafield tag="880" ind1="1" ind2="0">
<subfield code="6">245-02/</subfield>
<subfield code="a">رسالة الكندي في اللحون والنغم :</subfield>
<subfield code="b">ملحق ثان لكتاب مؤلفات الكندي الموسيقية /</subfield>
<subfield code="c">تحقيق زكريا يوسف.</subfield>
</datafield>
<datafield tag="880" ind1=" " ind2=" ">
<subfield code="6">260-03/</subfield>
<subfield code="a">بغداد :</subfield>
<subfield code="b">مطبعة شفيق،</subfield>
<subfield code="c">1965.</subfield>
</datafield>
<datafield tag="880" ind1="1" ind2=" ">
<subfield code="6">700-04/</subfield>
<subfield code="a">يوسف، زكريا.</subfield>
</datafield>
<datafield tag="880" ind1="0" ind2=" ">
<subfield code="6">700-05/</subfield>
<subfield code="a">كندي،</subfield>
<subfield code="d">-approximately 873.</subfield>
<subfield code="t">مؤلفات الكندي الموسيقية.</subfield>
</datafield>
<datafield tag="OWN" ind1=" " ind2=" ">
<subfield code="a">GENERAL</subfield>
</datafield>
<datafield tag="AVA" ind1=" " ind2=" ">
<subfield code="a">NYU50</subfield>
<subfield code="b">BOBST</subfield>
<subfield code="c">Main Collection</subfield>
<subfield code="d">ML189 .K513 1965</subfield>
<subfield code="e">unavailable</subfield>
<subfield code="t">Unavailable</subfield>
<subfield code="f">1</subfield>
<subfield code="g">1</subfield>
<subfield code="h">N</subfield>
<subfield code="i">0</subfield>
<subfield code="j">MAIN</subfield>
<subfield code="k">0</subfield>
</datafield>
</record>
